<record><leader>00000cas a22000007a 4500</leader><controlfield tag="001">9994422</controlfield><controlfield tag="008">831008d18381840ohuwr ne      0    0eng d</controlfield><datafield ind1=" " ind2=" " tag="010"><subfield code="a">sn 83035524 </subfield></datafield><datafield ind1=" " ind2=" " tag="040"><subfield code="a">NPY</subfield><subfield code="b">eng</subfield><subfield code="c">NPY</subfield><subfield code="d">OCLCQ</subfield></datafield><datafield ind1=" " ind2=" " tag="042"><subfield code="a">msc</subfield></datafield><datafield ind1="0" ind2="0" tag="245"><subfield code="a">Wellsville commercial advertiser and farmers and mechanics' register.</subfield></datafield><datafield ind1="1" ind2="3" tag="246"><subfield code="a">Advertiser</subfield></datafield><datafield ind1=" " ind2=" " tag="260"><subfield code="a">Wellsville, Ohio :</subfield><subfield code="b">Printed and Pub. by J. Hart</subfield></datafield><datafield ind1=" " ind2=" " tag="300"><subfield code="a">v. :</subfield><subfield code="b">ill. (chiefly advertisements) ;</subfield><subfield code="c">55 cm.</subfield></datafield><datafield ind1=" " ind2=" " tag="310"><subfield code="a">Weekly</subfield></datafield><datafield ind1="1" ind2=" " tag="362"><subfield code="a">Began in 1838; ceased in 1840?</subfield></datafield><datafield ind1=" " ind2=" " tag="500"><subfield code="a">"It will advocate the Whig cause," &lt;Apr. 28, 1840&gt;.</subfield></datafield><datafield ind1=" " ind2=" " tag="580"><subfield code="a">In 1835, Lewis Caton began the Wellsville commercial advertiser. In 1838, he disposed of it to J. Hart [Hart apparently began a n.s. designation at this time] In 1841, the title was changed to the American Patriot. Cf. McCord, W.B. (ed.) Hist. of Columbiana Co., Ohio, 1905.</subfield></datafield><datafield ind1=" " ind2=" " tag="588"><subfield code="a">Description based on: N.s., v. 2, no. 5 (June 18, 1839).</subfield></datafield><datafield ind1="1" ind2=" " tag="700"><subfield code="a">Hart, Joshua.</subfield></datafield><datafield ind1=" " ind2=" " tag="752"><subfield code="a">United States</subfield><subfield code="b">Ohio</subfield><subfield code="c">Columbiana</subfield><subfield code="d">Wellsville.</subfield></datafield><datafield ind1="1" ind2=" " tag="787"><subfield code="t">American patriot (Wellsville, Ohio : 1841)</subfield></datafield><datafield ind1="1" ind2=" " tag="029"><subfield code="a">AU@</subfield><subfield code="b">000025785176</subfield></datafield></record>